@misc{ nyt_17march,
  author = {New York Times},
  title = {{How Trump Consultants Exploited the Facebook Data of Millions}},
  howpublished = "\url{
https://www.nytimes.com/2018/03/17/us/politics/cambridge-analytica-trump-campaign.html
}",
  year = 2018,
  note = "[Online; accessed 19-May-2018]"
}


@misc{ nyt_timeline,
  author = {New York Times},
  title = {{Cambridge Analytica and Facebook: The Scandal and the Fallout So Far}},
  howpublished = "\url{https://www.nytimes.com/2018/04/04/us/politics/cambridge-analytica-scandal-fallout.html}",
  year = {2018},
  note = "[Online; accessed 19-May-2018]"
}

@misc{ comm_ground_truth,
  author = {Jaewon, Yang and Jure, Leskovec},
  title = {Defining and Evaluating Network Communities based on Ground-truth},
  howpublished = {\url{https://link.springer.com/article/10.1007/s10115-013-0693-z}},
  year = {2015}
}

@misc{ rossetti2016,
  author = {Rossetti, Giulio and Pappalardo, Luca and Rinzivillo, Salvatore},
  title = {A Novel Approach to Evaluate Community Detection Algorithms on Ground Truth},
  howpublished = {\url{https://doi.org/10.1007/978-3-319-30569-1_10}},
  year = {2016},
}
